@article{itorJournal2015,
author  = {Chapra, A. B. and Ati, C. D},
title   = {Business ethics in Islamic context: perspective of a Muslim business Leader},
journal = {Business Ethics Quarterly},
volume  = {3},
number  = {4},
pages   = {211--221},
year    = {2004}
}

@book{itorBook2015,
author  = {Williams, Jr., K.C.}, 
title   = {Behavioural Aspects of Marketing},
edition    = {2nd},
publisher = {Butterworths-Heinemann},
address = {London},
year    = {1981}
}

@article{Gilmore1965,
author  = {Steele, Jr., Guy L.  and P. C. Gilmore and Ra\'ul de la Garza},
title   = {Multistage Cutting Stock Problems of Two and More Dimensions},
journal = {Operations Research},
doi = {10.1109/ICNC.2010.5583143},
year    = {1965}
}

@article{Farley1983,
author  = {Ra\'ul de la Garza and Farley, Jr., A. },
title   = {Practical adaptations of the {G}ilmore-{G}omory approach to
                  cutting stock problems},
journal = {OR Spektrum},
volume  = {10},
number  = {2},
pages   = {113--123},
year    = {1983}
}



@book{Brown1971,
author  = {A. R. Brown}, 
title   = {Optimum packing and depletion: the computer in space- and
                  resource-usage problem},
publisher = {Macdonald and Co.},
address = {London},
year    = {1971}
}

@book{Alba:2009,
author       = {Alba, Enrique},
title        = {{Optimization Techniques for Solving Complex Problems}},
edition    = {2nd},
publisher    = {Wiley},
address      = {Hoboken, NJ},
series       = {Wiley Series on Parallel and Distributed Computing},
year         = {2009}
}

@techreport{abmroreport,
Author  = {R. Andrade and E. G. Birgin and R. Morabito}, 
Title   = {Two-stage two-dimensional guillotine cutting problems with usable leftovers}, 
number      = {MCDO15113},
url     = {http://www.ime.usp.br/~egbirgin/},
Institution = {Department of Computer Science, Institute of
                  Mathematics and Statistics, University of S\~ao
                  Paulo},
Address = {Brazil},
Year    = {2013}
}

@PHDTHESIS{congram2000polynomially,
  author = {Congram, Richard K.},
  title = {Polynomially searchable exponential neighbourhoods for sequencing
	problems in combinatorial optimisation},
  school = {University of Southampton},
  year = {2000}
}

@phdthesis{Hol71,
        author = {R.B. Hollstein},
        title = {Artificial genetic adaptatiion in computer control systems},
        school = {University of Michigan},
        address = {Michigan, USA},
        year = {1971}
        }



@PROCEEDINGS{esa97,
    title = "{Solving truck problems}",
   author = {ESA},
 keywords = {SPACE ASTROMETRY, STAR CATALOGS, POSITIONS, ARTIFICIAL SATELLITES},
booktitle = {},
     year = 1995,
   series = {Proceedings of the 31st Annual Conference of the ORS of New Zealand},
   editor = {Ryan, D.},
   adsurl = {http://adsabs.harvard.edu/abs/1997ESASP1200.....P},
  adsnote = {Provided by the SAO/NASA Astrophysics Data System},
  address = {August 31 September 1, Willington, New Zealand},
    pages = {165--172}
}


@inproceedings{mansour2010,
author = {Mansour, Nashat and {Sleiman Haidar}, Ghia},
booktitle = {6th International Conference on Natural Computation},
doi = {10.1109/ICNC.2010.5583143},
isbn = {978-1-4244-5958-2},
keywords = {CLUSTER,SS},
language = {English},
mendeley-tags = {CLUSTER,SS},
month = aug,
pages = {471--475},
publisher = {IEEE},
title = {{Parallel Metaheuristic Algorithm for Exam Timetabling}},
volume = {1},
year = {2010}
}


@InCollection{lenstra1979complexity,
  author =       {Lenstra, J.K. and Rinnooy Kan, A.H.G.},
  editor =       {Schrijver, A.},
  booktitle =    {Packing and Covering in Combinatorics},
  title =        {Complexity of packing, covering, and partitioning
                  problems},
  publisher =    {Mathematisch Centrum},
  year =         1979,
  address =      {Amsterdam},
  pages =        {275--291}
}

@INCOLLECTION{ChuStu2009,
  author = {Chu, G. and Stuckey, P. J.},
  title = {Minimizing the maximum number of open stacks by customer search},
  booktitle = {Principles and Practice of Constraint Programming-CP 2009},
  publisher = {Springer},
  year = {2009},
  volume = {5732},
  series = {Lecture Notes in Computer Science},
  pages = {242--257}
}

@incollection{LiParRes94,
        author = {Y. Li and P.M. Pardalos and M.G.C. Resende},
        title = {{A greedy randomized adaptive search procedure
                  for the quadratic assignment problem}},
        booktitle = {Quadratic Assignment and Related Problems},
        editor = {P.M. Pardalos and H. Wolkowicz and P.M. Pardalos},
        series = {DIMACS Series on Discrete Mathematics and Theoretical
                  Computer Science},
        publisher = {American Mathematical Society},
        volume = {16},
        pages = {237--261},
        year = {1994}
        }

@misc{iag2013,
	author={IAGCargo},
	year={2013},
	title="\url{https://www.iagcargo.com/iagcargo/portlet/en/html/fleetuld}"
}

@misc{HofLef95,
        author = {T. Hofmeister and H. Lefmann},
        title = {{A combinatorial design approach to Max-Cut}},
        note = {Unpublished manuscript},
        year = {1995}
        }
